%% This BibTeX bibliography file was created using BibDesk.
%% https://bibdesk.sourceforge.io/

%% Created for 齋藤一誠 at 2023-05-17 21:51:17 +0900 


%% Saved with string encoding Unicode (UTF-8) 


@string{ieee_j_ac = {{IEEE} Transactions on Automatic Control}}

@string{ieee_j_advp = {{IEEE} Transactions on Advanced Packaging}}

@string{ieee_j_aes = {{IEEE} Transactions on Aerospace and Electronic Systems}}

@string{ieee_j_aire = {{IEEE} Transactions on Airborne Electronics}}

@string{ieee_j_ane = {{IEEE} Transactions on Aerospace and Navigational Electronics}}

@string{ieee_j_anne = {{IEEE} Transactions on Aeronautical and Navigational Electronics}}

@string{ieee_j_ap = {{IEEE} Transactions on Antennas and Propagation}}

@string{ieee_j_appind = {{IEEE} Transactions on Applications and Industry}}

@string{ieee_j_as = {{IEEE} Transactions on Aerospace}}

@string{ieee_j_asc = {{IEEE} Transactions on Applied Superconductivity}}

@string{ieee_j_ase = {{IEEE} Transactions on Automation Science and Engineering}}

@string{ieee_j_assp = {{IEEE} Transactions on Acoustics, Speech, and Signal Processing}}

@string{ieee_j_au = {{IEEE} Transactions on Audio}}

@string{ieee_j_auea = {{IEEE} Transactions on Audio and Electroacoustics}}

@string{ieee_j_awpl = {{IEEE} Antennas and Wireless Propagation Letters}}

@string{ieee_j_b-me = {{IEEE} Transactions on Bio-Medical Engineering}}

@string{ieee_j_bc = {{IEEE} Transactions on Broadcasting}}

@string{ieee_j_bctv = {{IEEE} Transactions on Broadcast and Television Receivers}}

@string{ieee_j_bme = {{IEEE} Transactions on Biomedical Engineering}}

@string{ieee_j_bmelc = {{IEEE} Transactions on Bio-Medical Electronics}}

@string{ieee_j_c = {{IEEE} Transactions on Computers}}

@string{ieee_j_cad = {{IEEE} Transactions on Computer-Aided Design of Integrated Circuits and Systems}}

@string{ieee_j_cal = {{IEEE} Computer Architecture Letters}}

@string{ieee_j_capt = {{IEEE} Transactions on Components and Packaging Technology}}

@string{ieee_j_capts = {{IEEE} Transactions on Components and Packaging Technologies}}

@string{ieee_j_cas = {{IEEE} Transactions on Circuits and Systems}}

@string{ieee_j_casi = {{IEEE} Transactions on Circuits and Systems---Part {I}: Fundamental Theory and Applications}}

@string{ieee_j_casi_rp = {{IEEE} Transactions on Circuits and Systems---Part {I}: Regular Papers}}

@string{ieee_j_casii = {{IEEE} Transactions on Circuits and Systems---Part {II}: Analog and Digital Signal Processing}}

@string{ieee_j_casii_eb = {{IEEE} Transactions on Circuits and Systems---Part {II}: Express Briefs}}

@string{ieee_j_casvt = {{IEEE} Transactions on Circuits and Systems for Video Technology}}

@string{ieee_j_cbb = {{IEEE/ACM} Transactions on Computational Biology and Bioinformatics}}

@string{ieee_j_ce = {{IEEE} Transactions on Consumer Electronics}}

@string{ieee_j_chmt = {{IEEE} Transactions on Components, Hybrids and Manufacturing Technology}}

@string{ieee_j_cjece = {Canadian Journal of Electrical and Computer Engineering}}

@string{ieee_j_com = {{IEEE} Transactions on Communications}}

@string{ieee_j_coml = {{IEEE} Communications Letters}}

@string{ieee_j_comt = {{IEEE} Transactions on Communication Technology}}

@string{ieee_j_cpart = {{IEEE} Transactions on Component Parts}}

@string{ieee_j_cpmta = {{IEEE} Transactions on Components, Packaging and Manufacturing Technology---Part {A}}}

@string{ieee_j_cpmtb = {{IEEE} Transactions on Components, Packaging and Manufacturing Technology---Part {B}: Advanced Packaging}}

@string{ieee_j_cpmtc = {{IEEE} Transactions on Components, Packaging and Manufacturing Technology---Part {C}: Manufacturing}}

@string{ieee_j_cst = {{IEEE} Transactions on Control Systems Technology}}

@string{ieee_j_ct = {{IEEE} Transactions on Circuit Theory}}

@string{ieee_j_dei = {{IEEE} Transactions on Dielectrics and Electrical Insulation}}

@string{ieee_j_dmr = {{IEEE} Transactions on Device and Materials Reliability}}

@string{ieee_j_dsc = {{IEEE} Transactions on Dependable and Secure Computing}}

@string{ieee_j_ec = {{IEEE} Transactions on Energy Conversion}}

@string{ieee_j_ecomp = {{IEEE} Transactions on Electronic Computers}}

@string{ieee_j_ed = {{IEEE} Transactions on Electron Devices}}

@string{ieee_j_edl = {{IEEE} Electron Device Letters}}

@string{ieee_j_edu = {{IEEE} Transactions on Education}}

@string{ieee_j_ei = {{IEEE} Transactions on Electrical Insulation}}

@string{ieee_j_em = {{IEEE} Transactions on Engineering Management}}

@string{ieee_j_emc = {{IEEE} Transactions on Electromagnetic Compatibility}}

@string{ieee_j_epm = {{IEEE} Transactions on Electronics Packaging Manufacturing}}

@string{ieee_j_essl = {{IEEE/ECS} Electrochemical and Solid-State Letters}}

@string{ieee_j_evc = {{IEEE} Transactions on Evolutionary Computation}}

@string{ieee_j_ews = {{IEEE} Transactions on Engineering Writing and Speech}}

@string{ieee_j_fuzz = {{IEEE} Transactions on Fuzzy Systems}}

@string{ieee_j_ge = {{IEEE} Transactions on Geoscience Electronics}}

@string{ieee_j_grs = {{IEEE} Transactions on Geoscience and Remote Sensing}}

@string{ieee_j_grsl = {{IEEE} Geoscience and Remote Sensing Letters}}

@string{ieee_j_hfe = {{IEEE} Transactions on Human Factors in Electronics}}

@string{ieee_j_ia = {{IEEE} Transactions on Industry Applications}}

@string{ieee_j_ie = {{IEEE} Transactions on Industrial Electronics}}

@string{ieee_j_ieci = {{IEEE} Transactions on Industrial Electronics and Control Instrumentation}}

@string{ieee_j_ifs = {{IEEE} Transactions on Information Forensics and Security}}

@string{ieee_j_iga = {{IEEE} Transactions on Industry and General Applications}}

@string{ieee_j_iinf = {{IEEE} Transactions on Industrial Informatics}}

@string{ieee_j_im = {{IEEE} Transactions on Instrumentation and Measurement}}

@string{ieee_j_ip = {{IEEE} Transactions on Image Processing}}

@string{ieee_j_it = {{IEEE} Transactions on Information Theory}}

@string{ieee_j_itbm = {{IEEE} Transactions on Information Technology in Biomedicine}}

@string{ieee_j_its = {{IEEE} Transactions on Intelligent Transportation Systems}}

@string{ieee_j_jdt = {{IEEE/OSA} Journal of Display Technology}}

@string{ieee_j_jem = {{IEEE/TMS} Journal of Electronic Materials}}

@string{ieee_j_jlt = {{IEEE/OSA} Journal of Lightwave Technology}}

@string{ieee_j_jqe = {{IEEE} Journal of Quantum Electronics}}

@string{ieee_j_jra = {{IEEE} Journal of Robotics and Automation}}

@string{ieee_j_jsac = {{IEEE} Journal on Selected Areas in Communications}}

@string{ieee_j_jssc = {{IEEE} Journal of Solid-State Circuits}}

@string{ieee_j_jstqe = {{IEEE} Journal of Selected Topics in Quantum Electronics}}

@string{ieee_j_kde = {{IEEE} Transactions on Knowledge and Data Engineering}}

@string{ieee_j_mag = {{IEEE} Transactions on Magnetics}}

@string{ieee_j_mc = {{IEEE} Transactions on Mobile Computing}}

@string{ieee_j_me = {{IEEE} Transactions on Medical Electronics}}

@string{ieee_j_mech = {{IEEE/ASME} Transactions on Mechatronics}}

@string{ieee_j_mems = {{IEEE/ASME} Journal of Microelectromechanical Systems}}

@string{ieee_j_mft = {{IEEE} Transactions on Manufacturing Technology}}

@string{ieee_j_mgwl = {{IEEE} Microwave and Guided Wave Letters}}

@string{ieee_j_mi = {{IEEE} Transactions on Medical Imaging}}

@string{ieee_j_mil = {{IEEE} Transactions on Military Electronics}}

@string{ieee_j_mm = {{IEEE} Transactions on Multimedia}}

@string{ieee_j_mms = {{IEEE} Transactions on Man-Machine Systems}}

@string{ieee_j_mtt = {{IEEE} Transactions on Microwave Theory and Techniques}}

@string{ieee_j_mwcl = {{IEEE} Microwave and Wireless Components Letters}}

@string{ieee_j_nano = {{IEEE} Transactions on Nanotechnology}}

@string{ieee_j_nb = {{IEEE} Transactions on NanoBioscience}}

@string{ieee_j_net = {{IEEE/ACM} Transactions on Networking}}

@string{ieee_j_nn = {{IEEE} Transactions on Neural Networks}}

@string{ieee_j_ns = {{IEEE} Transactions on Nuclear Science}}

@string{ieee_j_nsre = {{IEEE} Transactions on Neural Systems and Rehabilitation Engineering}}

@string{ieee_j_oe = {{IEEE} Journal of Oceanic Engineering}}

@string{ieee_j_pami = {{IEEE} Transactions on Pattern Analysis and Machine Intelligence}}

@string{ieee_j_pc = {{IEEE} Transactions on Professional Communication}}

@string{ieee_j_pds = {{IEEE} Transactions on Parallel and Distributed Systems}}

@string{ieee_j_pel = {{IEEE} Power Electronics Letters}}

@string{ieee_j_php = {{IEEE} Transactions on Parts, Hybrids and Packaging}}

@string{ieee_j_pmp = {{IEEE} Transactions on Parts, Materials and Packaging}}

@string{ieee_j_proc = {Proceedings of the {IEEE}}}

@string{ieee_j_ps = {{IEEE} Transactions on Plasma Science}}

@string{ieee_j_pse = {{IEEE} Journal of Product Safety Engineering}}

@string{ieee_j_ptl = {{IEEE} Photonics Technology Letters}}

@string{ieee_j_pwras = {{IEEE} Transactions on Power Apparatus and Systems}}

@string{ieee_j_pwrd = {{IEEE} Transactions on Power Delivery}}

@string{ieee_j_pwre = {{IEEE} Transactions on Power Electronics}}

@string{ieee_j_pwrs = {{IEEE} Transactions on Power Systems}}

@string{ieee_j_r = {{IEEE} Transactions on Reliability}}

@string{ieee_j_ra = {{IEEE} Transactions on Robotics and Automation}}

@string{ieee_j_re = {{IEEE} Transactions on Rehabilitation Engineering}}

@string{ieee_j_rfi = {{IEEE} Transactions on Radio Frequency Interference}}

@string{ieee_j_ro = {{IEEE} Transactions on Robotics}}

@string{ieee_j_sap = {{IEEE} Transactions on Speech and Audio Processing}}

@string{ieee_j_se = {{IEEE} Transactions on Software Engineering}}

@string{ieee_j_sensor = {{IEEE} Sensors Journal}}

@string{ieee_j_sm = {{IEEE} Transactions on Semiconductor Manufacturing}}

@string{ieee_j_smc = {{IEEE} Transactions on Systems, Man, and Cybernetics}}

@string{ieee_j_smca = {{IEEE} Transactions on Systems, Man, and Cybernetics---Part {A}: Systems and Humans}}

@string{ieee_j_smcb = {{IEEE} Transactions on Systems, Man, and Cybernetics---Part {B}: Cybernetics}}

@string{ieee_j_smcc = {{IEEE} Transactions on Systems, Man, and Cybernetics---Part {C}: Applications and Reviews}}

@string{ieee_j_sp = {{IEEE} Transactions on Signal Processing}}

@string{ieee_j_spl = {{IEEE} Signal Processing Letters}}

@string{ieee_j_ssc = {{IEEE} Transactions on Systems Science and Cybernetics}}

@string{ieee_j_su = {{IEEE} Transactions on Sonics and Ultrasonics}}

@string{ieee_j_tcad = {{IEEE} Journal on Technology in Computer Aided Design}}

@string{ieee_j_tjmj = {{IEEE} Translation Journal on Magnetics in Japan}}

@string{ieee_j_ue = {{IEEE} Transactions on Ultrasonics Engineering}}

@string{ieee_j_uffc = {{IEEE} Transactions on Ultrasonics, Ferroelectrics, and Frequency Control}}

@string{ieee_j_vc = {{IEEE} Transactions on Vehicular Communications}}

@string{ieee_j_vcg = {{IEEE} Transactions on Visualization and Computer Graphics}}

@string{ieee_j_vlsi = {{IEEE} Transactions on Very Large Scale Integration ({VLSI}) Systems}}

@string{ieee_j_vt = {{IEEE} Transactions on Vehicular Technology}}

@string{ieee_j_wcom = {{IEEE} Transactions on Wireless Communications}}

@string{ieee_m_aes = {{IEEE} Aerospace and Electronics Systems Magazine}}

@string{ieee_m_ap = {{IEEE} Antennas and Propagation Magazine}}

@string{ieee_m_assp = {{IEEE} {ASSP} Magazine}}

@string{ieee_m_c = {{IEEE} Computer}}

@string{ieee_m_cap = {{IEEE} Computer Applications in Power}}

@string{ieee_m_cas = {{IEEE} Circuits and Systems Magazine}}

@string{ieee_m_cd = {{IEEE} Circuits and Devices Magazine}}

@string{ieee_m_cga = {{IEEE} Computer Graphics and Applications}}

@string{ieee_m_cim = {{IEEE} Computational Intelligence Magazine}}

@string{ieee_m_com = {{IEEE} Communications Magazine}}

@string{ieee_m_comsoc = {{IEEE} Communications Society Magazine}}

@string{ieee_m_conc = {{IEEE} Concurrency}}

@string{ieee_m_cs = {{IEEE} Control Systems Magazine}}

@string{ieee_m_cse = {{IEEE} Computing in Science and Engineering}}

@string{ieee_m_csem = {{IEEE} Computational Science and Engineering Magazine}}

@string{ieee_m_dtc = {{IEEE} Design and Test of Computers}}

@string{ieee_m_ei = {{IEEE} Electrical Insulation Magazine}}

@string{ieee_m_emb = {{IEEE} Engineering in Medicine and Biology Magazine}}

@string{ieee_m_emr = {{IEEE} Engineering Management Review}}

@string{ieee_m_etr = {{IEEE} ElectroTechnology Review}}

@string{ieee_m_exp = {{IEEE} Expert}}

@string{ieee_m_hist = {{IEEE} Annals of the History of Computing}}

@string{ieee_m_ia = {{IEEE} Industry Applications Magazine}}

@string{ieee_m_ic = {{IEEE} Internet Computing}}

@string{ieee_m_im = {{IEEE} Instrumentation and Measurement Magazine}}

@string{ieee_m_is = {{IEEE} Intelligent Systems}}

@string{ieee_m_itp = {{IEEE} {IT} Professional}}

@string{ieee_m_micro = {{IEEE} Micro}}

@string{ieee_m_mm = {{IEEE} Multimedia}}

@string{ieee_m_mw = {{IEEE} Microwave Magazine}}

@string{ieee_m_net = {{IEEE} Network}}

@string{ieee_m_pcom = {{IEEE} Personal Communications Magazine}}

@string{ieee_m_pe = {{IEEE} Power and Energy Magazine}}

@string{ieee_m_per = {{IEEE} Power Engineering Review}}

@string{ieee_m_pot = {{IEEE} Potentials}}

@string{ieee_m_pvc = {{IEEE} Pervasive Computing}}

@string{ieee_m_ra = {{IEEE} Robotics and Automation Magazine}}

@string{ieee_m_s = {{IEEE} Software}}

@string{ieee_m_sap = {{IEEE} Security and Privacy}}

@string{ieee_m_sp = {{IEEE} Signal Processing Magazine}}

@string{ieee_m_spect = {{IEEE} Spectrum}}

@string{ieee_m_today = {Today's Engineer}}

@string{ieee_m_ts = {{IEEE} Technology and Society Magazine}}

@string{ieee_m_vt = {{IEEE} Vehicular Technology Magazine}}

@string{ieee_m_wc = {{IEEE} Wireless Communications Magazine}}

@string{ieee_o_csto = {{IEEE} Communications Surveys and Tutorials}}

@string{ieee_o_dso = {{IEEE} Distributed Systems Online}}


@inproceedings{donahue2015long,
	author = {Donahue, Jeffrey and Anne Hendricks, Lisa and Guadarrama, Sergio and Rohrbach, Marcus and Venugopalan, Subhashini and Saenko, Kate and Darrell, Trevor},
	booktitle = {Proceedings of the IEEE conference on computer vision and pattern recognition},
	pages = {2625--2634},
	title = {Long-term recurrent convolutional networks for visual recognition and description},
	year = {2015}}

@inproceedings{levenshtein1966binary,
  title={Binary codes capable of correcting deletions, insertions, and reversals},
  author={Levenshtein, Vladimir I and others},
  booktitle={Soviet physics doklady},
  volume={10},
  number={8},
  pages={707--710},
  year={1966},
  organization={Soviet Union}
}

@article{winkler1990string,
  title={String comparator metrics and enhanced decision rules in the Fellegi-Sunter model of record linkage.},
  author={Winkler, William E},
  year={1990},
  publisher={ERIC}
}
@article{ratcliff1988pattern,
  title={Pattern-matching-the gestalt approach},
  author={Ratcliff, John W and Metzener, David E},
  journal={Dr Dobbs Journal},
  volume={13},
  number={7},
  pages={46},
  year={1988},
  publisher={MILLER FREEMAN, INC 411 BOREL AVE, SAN MATEO, CA 94402-3522}
}

@INPROCEEDINGS{RNN,
  author={Zhang, Songyang and Liu, Xiaoming and Xiao, Jun},
  booktitle={2017 IEEE Winter Conference on Applications of Computer Vision (WACV)}, 
  title={On Geometric Features for Skeleton-Based Action Recognition Using Multilayer LSTM Networks}, 
  year={2017},
  volume={},
  number={},
  pages={148-157},
  doi={10.1109/WACV.2017.24}}

@inproceedings{lea2017temporal,
  title={Temporal convolutional networks for action segmentation and detection},
  author={Lea, Colin and Flynn, Michael D and Vidal, Rene and Reiter, Austin and Hager, Gregory D},
  booktitle={proceedings of the IEEE Conference on Computer Vision and Pattern Recognition},
  pages={156--165},
  year={2017}
}
@INPROCEEDINGS{9067967,
  author={Kobayashi, Takuya and Aoki, Yoshimitsu and Shimizu, Shogo and Kusano, Katsuhiro and Okumura, Seiji},
  booktitle={2019 15th International Conference on Signal-Image Technology  Internet-Based Systems (SITIS)}, 
  title={Fine-Grained Action Recognition in Assembly Work Scenes by Drawing Attention to the Hands}, 
  year={2019},
  volume={},
  number={},
  pages={440-446},
  doi={10.1109/SITIS.2019.00077}}


@article{xia2020robust,
  title={Robust unsupervised factory activity recognition with body-worn accelerometer using temporal structure of multiple sensor data motifs},
  author={Xia, Qingxin and Korpela, Joseph and Namioka, Yasuo and Maekawa, Takuya},
  journal={Proceedings of the ACM on Interactive, Mobile, Wearable and Ubiquitous Technologies},
  volume={4},
  number={3},
  pages={1--30},
  year={2020},
  publisher={ACM New York, NY, USA}
}
@misc{fox2011joint,
      title={Joint Modeling of Multiple Related Time Series via the Beta Process}, 
      author={Emily B. Fox and Erik B. Sudderth and Michael I. Jordan and Alan S. Willsky},
      year={2011},
      eprint={1111.4226},
      archivePrefix={arXiv},
      primaryClass={stat.ME}
}
@inproceedings{10.1145/2588555.2588556,
author = {Matsubara, Yasuko and Sakurai, Yasushi and Faloutsos, Christos},
title = {AutoPlait: Automatic Mining of Co-Evolving Time Sequences},
year = {2014},
isbn = {9781450323765},
publisher = {Association for Computing Machinery},
booktitle = {Proceedings of the 2014 ACM SIGMOD International Conference on Management of Data},
pages = {193–204},
numpages = {12},
}

@article{nakamura2017segmenting,
  title={Segmenting continuous motions with hidden semi-markov models and gaussian processes},
  author={Nakamura, Tomoaki and Nagai, Takayuki and Mochihashi, Daichi and Kobayashi, Ichiro and Asoh, Hideki and Kaneko, Masahide},
  journal={Frontiers in neurorobotics},
  volume={11},
  pages={67},
  year={2017},
  publisher={Frontiers Media SA}
}

@article{Budiman_2019,
	author = {Irwan Budiman and Anita Christine Sembiring and Jusra Tampubolon and Dini Wahyuni and Andrew Dharmala},
	date-modified = {2023-05-21 17:32:19 +0900},
	doi = {10.1088/1742-6596/1230/1/012041},
	journal = {Journal of Physics: Conference Series},
	number = {1},
	title = {Improving effectiveness and efficiency of assembly line with a stopwatch time study and balancing activity elements},
	volume = {1230},
	year = {2019},
}



@article{doi:10.1198/016214506000000302,
author = {Yee Whye Teh and Michael I Jordan and Matthew J Beal and David M Blei},
title = {Hierarchical Dirichlet Processes},
journal = {Journal of the American Statistical Association},
volume = {101},
number = {476},
pages = {1566-1581},
year  = {2006},
publisher = {Taylor & Francis},
doi = {10.1198/016214506000000302},
}

@article{pitman2002poisson,
  title={Poisson--Dirichlet and GEM invariant distributions for split-and-merge transformations of an interval partition},
  author={Pitman, Jim},
  journal={Combinatorics, Probability and Computing},
  volume={11},
  number={5},
  pages={501--514},
  year={2002},
  publisher={Cambridge University Press}
}

@Article{serket_nakamura18,
  author  = {Tomoaki Nakamura and Takayuki Nagai and Tadahiro Taniguchi},
  title   = {SERKET: An Architecture for Connecting Stochastic Models to Realize a Large-Scale Cognitive Model},
  journal = {Frontiers in Neurorobotics},
  year    = {2018},
  volume  = {12},
  pages   = {1-16},
}

@Article{taniguchi2020neuro,
  author    = {Taniguchi, Tadahiro and Nakamura, Tomoaki and Suzuki, Masahiro and Kuniyasu, Ryo and Hayashi, Kaede and Taniguchi, Akira and Horii, Takato and Nagai, Takayuki},
  journal   = {New Generation Computing},
  title     = {Neuro-SERKET: development of integrative cognitive system through the composition of deep probabilistic generative models},
  year      = {2020},
  pages     = {1--26},
  publisher = {Springer},
}